<record><leader>00000cas a2200000 a 4500</leader><controlfield tag="001">51669571</controlfield><controlfield tag="008">030218d18671867maumr ne      0    0eng c</controlfield><datafield ind1=" " ind2=" " tag="010"><subfield code="a">  2003221064</subfield></datafield><datafield ind1=" " ind2=" " tag="040"><subfield code="a">ATL</subfield><subfield code="b">eng</subfield><subfield code="c">ATL</subfield><subfield code="d">OCLCQ</subfield><subfield code="d">OCLCF</subfield><subfield code="d">OCLCO</subfield></datafield><datafield ind1="1" ind2=" " tag="029"><subfield code="a">AU@</subfield><subfield code="b">000024455741</subfield></datafield><datafield ind1=" " ind2=" " tag="042"><subfield code="a">pcc</subfield></datafield><datafield ind1=" " ind2="4" tag="050"><subfield code="a">BV2520</subfield></datafield><datafield ind1="0" ind2="4" tag="245"><subfield code="a">The Macedonian and the home mission record.</subfield></datafield><datafield ind1="1" ind2="7" tag="246"><subfield code="a">Macedonian, and home mission record</subfield></datafield><datafield ind1=" " ind2=" " tag="260"><subfield code="a">Boston :</subfield><subfield code="b">American Baptist Missionary Union,</subfield><subfield code="c">1867.</subfield></datafield><datafield ind1=" " ind2=" " tag="300"><subfield code="a">1 no.</subfield></datafield><datafield ind1=" " ind2=" " tag="310"><subfield code="a">Monthly</subfield></datafield><datafield ind1="0" ind2=" " tag="362"><subfield code="a">Vol. 25, no. 1 (Jan. 1867).</subfield></datafield><datafield ind1=" " ind2=" " tag="530"><subfield code="a">Also issued on microfilm by American Theological Library Association.</subfield></datafield><datafield ind1=" " ind2="0" tag="650"><subfield code="a">Baptists</subfield><subfield code="x">Missions</subfield><subfield code="v">Newspapers.</subfield></datafield><datafield ind1=" " ind2="7" tag="655"><subfield code="a">Newspapers.</subfield><subfield code="2">fast</subfield><subfield code="0">(OCoLC)fst01423814</subfield></datafield><datafield ind1=" " ind2="7" tag="650"><subfield code="a">Baptists</subfield><subfield code="x">Missions.</subfield><subfield code="2">fast</subfield><subfield code="0">(OCoLC)fst00827324</subfield></datafield><datafield ind1="2" ind2=" " tag="710"><subfield code="a">American Baptist Missionary Union.</subfield></datafield><datafield ind1=" " ind2=" " tag="752"><subfield code="a">United States</subfield><subfield code="b">Massachusetts</subfield><subfield code="c">Suffolk</subfield><subfield code="d">Boston.</subfield></datafield><datafield ind1="1" ind2=" " tag="776"><subfield code="c">Microfilm</subfield><subfield code="d">American Theological Library Association</subfield><subfield code="w">(DLC)   20012213</subfield><subfield code="w">(OCoLC)51669614</subfield></datafield><datafield ind1="0" ind2="0" tag="780"><subfield code="t">Macedonian (Boston, Mass.)</subfield><subfield code="w">(DLC)sn 87078303</subfield><subfield code="w">(OCoLC)15534549</subfield></datafield><datafield ind1="0" ind2="0" tag="785"><subfield code="t">Macedonian and record</subfield><subfield code="w">(DLC)sn 87091088</subfield><subfield code="w">(OCoLC)16917344</subfield></datafield></record>